@misc{github,
  author={RLGym},
  title={rlgym-tools},
  year={2022},
  url={https://github.com/RLGym/rlgym-tools/blob/810d14d4905cdfd525d5b84ed0e2fd0cdc62366a/rlgym_tools/examples/sb3_multi_example.py},
}
@misc{github1,
  author={RLGym},
  title={rlgym-tools},
  year={2022},
  url=https://github.com/RLGym/RLGymExampleBot},
}